@article{SegArb,
  title={Segmented Arbitrage},
  author={Siriwardane, Emil and Sunderam, Aditya and Wallen, Jonathan},
  journal={The Journal of Finance},
  volume={47},
  number={2},
  pages={427--465},
  year={2023},
  publisher={Wiley Online Library}
}